<record><leader>00000cas a22000007a 4500</leader><controlfield tag="001">16969614</controlfield><controlfield tag="008">871112d19371939nyuwr ne      0    0ger d</controlfield><datafield ind1=" " ind2=" " tag="010"><subfield code="a">sn 87070366 </subfield></datafield><datafield ind1=" " ind2=" " tag="040"><subfield code="a">NYS</subfield><subfield code="b">eng</subfield><subfield code="c">NYS</subfield><subfield code="d">YOX</subfield><subfield code="d">NYS</subfield><subfield code="d">OCLCQ</subfield><subfield code="d">OCLCF</subfield><subfield code="d">OCLCO</subfield><subfield code="d">OCLCQ</subfield></datafield><datafield ind1="0" ind2=" " tag="041"><subfield code="a">ger</subfield><subfield code="a">eng</subfield></datafield><datafield ind1=" " ind2=" " tag="042"><subfield code="a">msc</subfield></datafield><datafield ind1=" " ind2=" " tag="043"><subfield code="a">n-us---</subfield><subfield code="a">n-cn---</subfield></datafield><datafield ind1="0" ind2="0" tag="245"><subfield code="a">Deutsches Volksecho.</subfield></datafield><datafield ind1="3" ind2="1" tag="246"><subfield code="a">German people's echo</subfield></datafield><datafield ind1="3" ind2="0" tag="246"><subfield code="a">Deutsches Volksecho und deutsch-kanadische Volkszeitung</subfield></datafield><datafield ind1=" " ind2=" " tag="260"><subfield code="a">New York [N.Y.] :</subfield><subfield code="b">Deutsches Volksecho Pub. Co.</subfield></datafield><datafield ind1=" " ind2=" " tag="300"><subfield code="a">volumes</subfield></datafield><datafield ind1=" " ind2=" " tag="310"><subfield code="a">Weekly</subfield></datafield><datafield ind1=" " ind2=" " tag="336"><subfield code="a">text</subfield><subfield code="b">txt</subfield><subfield code="2">rdacontent</subfield></datafield><datafield ind1=" " ind2=" " tag="337"><subfield code="a">unmediated</subfield><subfield code="b">n</subfield><subfield code="2">rdamedia</subfield></datafield><datafield ind1=" " ind2=" " tag="338"><subfield code="a">volume</subfield><subfield code="b">nc</subfield><subfield code="2">rdacarrier</subfield></datafield><datafield ind1="0" ind2=" " tag="362"><subfield code="a">Vol. 1, no. 1 (Feb. 20, 1937)-</subfield></datafield><datafield ind1="1" ind2=" " tag="362"><subfield code="a">Ceased with vol. 3, no. 37 (Sept. 16, 1939)?</subfield></datafield><datafield ind1=" " ind2=" " tag="500"><subfield code="a">Published July 16, 1938-Sept. 16, 1939 by: Pastorius Pub. Co., Inc.</subfield></datafield><datafield ind1=" " ind2=" " tag="500"><subfield code="a">Issues for Nov. 27, 1937-Sept. 16, 1939 also have title in English: German people's echo.</subfield></datafield><datafield ind1=" " ind2=" " tag="500"><subfield code="a">Issues for Jan. 1-8, 1938 have title: Deutsches Volksecho und deutsch-kanadische Volkszeitung.</subfield></datafield><datafield ind1=" " ind2=" " tag="515"><subfield code="a">Vol. 1 is also called vol. 11-12 in continuation of the numbering of Der Arbeiter.</subfield></datafield><datafield ind1=" " ind2=" " tag="546"><subfield code="a">In German, some columns, advertisements and comic strips in English.</subfield></datafield><datafield ind1=" " ind2="0" tag="650"><subfield code="a">Germans</subfield><subfield code="z">United States</subfield><subfield code="v">Newspapers.</subfield></datafield><datafield ind1=" " ind2="0" tag="650"><subfield code="a">Germans</subfield><subfield code="z">Canada</subfield><subfield code="v">Newspapers.</subfield></datafield><datafield ind1=" " ind2="4" tag="651"><subfield code="a">New York (N.Y.)</subfield><subfield code="v">Newspapers.</subfield></datafield><datafield ind1=" " ind2="7" tag="650"><subfield code="a">Germans.</subfield><subfield code="2">fast</subfield><subfield code="0">(OCoLC)fst00942100</subfield></datafield><datafield ind1=" " ind2="7" tag="651"><subfield code="a">Canada.</subfield><subfield code="2">fast</subfield><subfield code="0">(OCoLC)fst01204310</subfield></datafield><datafield ind1=" " ind2="7" tag="651"><subfield code="a">United States.</subfield><subfield code="2">fast</subfield><subfield code="0">(OCoLC)fst01204155</subfield></datafield><datafield ind1=" " ind2="7" tag="655"><subfield code="a">Newspapers.</subfield><subfield code="2">fast</subfield><subfield code="0">(OCoLC)fst01423814</subfield></datafield><datafield ind1=" " ind2=" " tag="752"><subfield code="a">United States</subfield><subfield code="b">New York</subfield><subfield code="c">New York</subfield><subfield code="d">New York.</subfield></datafield><datafield ind1="0" ind2="0" tag="780"><subfield code="t">Arbeiter (New York, N.Y. : 1928)</subfield><subfield code="w">(DLC)sn 90065057</subfield></datafield><datafield ind1="0" ind2="4" tag="785"><subfield code="t">Volksfront</subfield><subfield code="g">Oct. 28, 1939</subfield><subfield code="w">(DLC)sn 90065046</subfield></datafield><datafield ind1="1" ind2=" " tag="029"><subfield code="a">AU@</subfield><subfield code="b">000025796669</subfield></datafield></record>